@book{Jackson:100964,
      author        = "Jackson, John David",
      title         = "{Classical electrodynamics; 2nd ed.}",
      publisher     = "Wiley",
      address       = "New York, NY",
      year          = "1975",
      url           = "https://cds.cern.ch/record/100964",
}