@article{Reif,
  title={Fundamentals of Statistical and Thermal Physics},
  author={Reif, F.},
  journal={},
  volume={5},
  number={},
  pages={},
  year={1965},
  url={},
  publisher={McGrawa-Hill, New York}
}

@article{Purcell,
  title={Life at low Reynolds number},
  author={Purcell, E. M.},
  journal={45, 3},
  volume={5},
  number={},
  pages={},
  year={1977},
  url={https://doi.org/10.1119/1.10903},
  publisher={https://doi.org/10.1119/1.10903}
}

@article{Feynman,
  title={The Feynman Lectures on Physics},
  author={Feynman, Richard P.},
  journal={},
  volume={},
  number={},
  pages={19631965},
  year={1918-1988},
  url={},
  publisher={Mass. :Addison-Wesley Pub. Co.}
}

@article{Eric,
  title={Model-independent decomposition of two-state data},
  author={Landahl, Eric and Rice, Sarah},
  journal={88},
  volume={6},
  number={},
  pages={},
  year={2013},
  url={},
  publisher={Phys Rev E Stat Nonlin Soft Matter Phys.}
}

@article{Escauriza,
  title={Ultra-high-speed indirect x-ray imaging system with versatile spatiotemporal sampling capabilities},
  author={Escauriza, Emilio M. and Olbinado, Margie P. and Rutherford, Michael E. and Chapman, David J. and Jonsson, John C. Z. and Rack, Alexander and Eakins, Daniel E.},
  journal={57},
  volume={},
  number={},
  pages={5004-5010},
  year={2018},
  url={},
  publisher={Applied Optics}
}


@article{Gerd,
  title={Intensity–intensity correlations determined by dimension of quantum state in phase space: P-distribution},
  author={Leuchs, Gerd and Glauber, Roy and Schleich, Wolfgang},
  journal={},
  volume={90},
  number={10},
  pages={},
  year={2015},
  url={},
  publisher={Physica Scripta}
}


@article{Frank,
  title={The Perceptron: A Probabilistic Model for Information Storage and Organization in the Brain},
  author={Frank, Rosenblatt},
  journal={Cornell Aeronautical Laboratory},
  volume={65},
  number={6},
  pages={386–408},
  year={1958},
  url={doi:10.1037/h0042519},
  publisher={Psychological Review}
}



@article{LeeS,
  title={Resolving high-speed colloidal dynamics beyond detector response time via two pulse speckle contrast correlation},
  author={Lee, Sooheyong and Wonhyuk,  Jo and Haeng, Sub Wi, C. and Gutt, Geun and Woo Lee},
  journal={Optics Express},
  volume={22,18},
  number={21567-76},
  pages={doi: 10.1364/OE.22.021567},
  year={2014},
  publisher={Opt Express}
}


@article{Einstein,
  title={Investigations on the theory of Brownian movement},
  author={Einstein, Albert and Fürth, R.},
  journal={},
  volume={},
  number={},
  pages={},
  year={1956},
  url={},
  publisher={New York, N.Y. : Dover Publications}
}


@article{Roseker,
  title={Towards ultrafast dynamics with split-pulse X-ray photon correlation spectroscopy at free electron laser sources},
  author={Roseker, W and Lehmkühler, A and L, Z and L},
  journal={Nature communications },
  volume={9},
  number={1},
  pages={1704},
  year={2018},
  publisher={Public Library of Science}
}

@article{Li,
  title={Deep speckle correlation: a deep learning approach toward scalable imaging through scattering media},
  author={Yunzhe and Li, Yujia and Xue, Lei and Tian},
  journal={Optica},
  volume={5},
  number={},
  pages={1181-1190},
  year={2018},
  publisher={Public Library of Science}
}


@article{leCun,
  title={Gradient-based learning applied to document recognition.},
  author={LeCun, Yann and L, Bottou and Y, Bengio and P, Haffner.},
  journal={Proceedings of the IEEE},
  volume={},
  number={},
  pages={},
  year={1988},
  publisher={Public Library of Science}
}

@article{Nielson,
  title={Neural Networks and Deep Learning.},
  author={Nielson, Michael A.},
  journal={Determination Press},
  volume={},
  number={},
  pages={},
  year={2015},
  publisher={Public Library of Science}
}

@online{MNIST,
  title={The MNIST handwritten Digit Database},
  author={LeCun, Yann and Cortez, Corinna and Burges, Christopher},
  year={1999},
  url={}
}

@article{Jay,
  title={Understanding Convolutional Neural Networks With a Mathematical Model.},
  author={C. -C Jay Kuo},
  journal={Journal of Visual Communication and Image Representation},
  volume={41},
  number={},
  pages={406-413},
  year={2016},
  url={https://doi.org/10.1016/j.jvcir.2016.11.003},
  publisher={Public Library of Science}
}

@article{Malm,
  title={Improved Dynamic Light Scattering using an adaptive and statistically driven time resolved treatment of correlation data},
  author={Malm, A.V. and Corbett, J.C.W.},
  journal={Sci Rep},
  volume={9},
  number={},
  pages={13519},
  year={2019},
  url={https://doi.org/10.1038/s41598-019-50077-4},
  publisher={Public Library of Science}
}

@article{Li,
  title={Deep speckle correlation: a deep learning approach toward scalable imaging through scattering media},
  author={Li, Yunzhe and Xue, Yujia and Tian, Lei},
  journal={Optica},
  volume={5},
  number={},
  pages={1181-1190},
  year={2019},
  url={},
  publisher={OSA Publishing}
}



