% Notes to Sui Lyn again
% notice the first element in a bib object has no = sign, that is the reference which you
% will use the \cite{ref} later in our .tex file. There is no need to put any numbering
% as the Latex compiler will autosort for us. -Jason

% Please rmb to put the citation into your lit reviews !

@misc{news_art_2018,
url={https://www.studyinternational.com/news/unis-use-qr-codes-mark-attendance-now-theres-no-skipping-class/},
journal={Study International},
key=3,
year={February 13, 2018}
}

@article{bisht_hinrichs_skrupsky_venkatakrishnan_2014,
title={Automated detection of parameter tampering opportunities and vulnerabilities in web applications}, 
volume={22},
DOI={10.3233/jcs-140498},
number={3},
journal={Journal of Computer Security},
author={Bisht, Prithvi and Hinrichs, Timothy and Skrupsky, Nazari and Venkatakrishnan, V.N.},
year={2013},
pages={415-465}
}

@misc{fung_wang_cheung_wong_2014,
title={Scanning of real-world web applications for parameter tampering vulnerabilities},
author={Fung, Adonis P.H. and Wang, Tielei and Cheung, K. W. and Wong, T. Y.},
year={2014}
}

@article{møller_schwarz_2014,
title={Automated Detection of Client-State Manipulation Vulnerabilities},
volume={23},
DOI={10.1145/2531921},
number={4},
journal={ACM Transactions on Software Engineering and Methodology},
author={Møller, Anders and Schwarz, Mathias},
year={2014},
pages={1-30}
}

@article{masalha_hirzallah_2014,
title={A Students Attendance System Using QR Code},
volume={5},
DOI={10.14569/ijacsa.2014.050310},
number={3},
journal={International Journal of Advanced Computer Science and Applications},
author={Masalha, Fadi and Hirzallah, Nael},
year={2014}
}

%
%
@article{barth_jackson_mitchell_2008,
AUTHOR="Barth, A., Jackson, C., Mitchell, J. C.",
TITLE="Robust defenses for cross-site request forgery",
JOURNAL="Proceedings of the 15th ACM conference on Computer and communications security",
YEAR="2008",
PAGES={75-88}
}

@article{jovanoic_kirda_kruegel_2006,
AUTHOR="Jovanovic, N., Kirda, E., Kruegel, C.",
TITLE="Preventing cross site request forgery attacks",
JOURNAL="Securecomm and Workshops",
YEAR="2006",
PAGES={1-10}
}

@article{siddiqui_verma_2011,
AUTHOR="Siddiqui, M. S., Verma, D.",
TITLE="Cross site request forgery: A common web application weakness",
JOURNAL="Communication Software and Networks (ICCSN), 2011 IEEE 3rd International Conference",
YEAR="2011",
PAGES={538-543}
}

@article{yadav_parekh_2017,
AUTHOR="Yadav, P., Parekh, C. D.",
TITLE="A report on CSRF security challenges \& prevention techniques",
JOURNAL="Innovations in Information, Embedded and Communication Systems (ICIIECS), 2017 International Conference",
YEAR="2017",
PAGES={1-4}
}

@misc{csrf_1,
url={https://en.wikipedia.org/wiki/Cross-site\_request\_forgery},
key=1,
year={January 13, 2019}
}

@misc{csrf_2,
url={https://www.owasp.org/index.php/Cross-Site\_Request\_Forgery\_(CSRF)},
key=2,
year={January 13, 2019}
}

@article{sharma_nagpal_2015,
AUTHOR="Sharma, P., Nagpal, B. ",
TITLE="A STUDY ON URL MANIPULATION ATTACK METHODS AND THEIR COUNTERMEASURES",
JOURNAL="International Journal of Emerging Technology in Computer Science \& Electronics (IJETCSE)",
YEAR="2015", 
VOLUME={15},
}