
@book{Ryden_2017, 
    place  ={New York, N.Y.}, 
    edition={Second edition}, 
    title={Introduction to cosmology}, 
    publisher={Cambridge University Press}, 
    author={Ryden, Barbara Sue}, 
    year={2017},

}

%%%%%%%%%%%%%%%%%%%%%%%%%%%%%%%%%%%%%%%%%%%%%%%%%%%%%%%%%%%%%%%%%%%%%%%%%%%%%%%%%%%%%%%%%%%

@article{Nojiri_2017,
   title={Modified gravity theories on a nutshell: Inflation, bounce and late-time evolution},
   volume={692},
   ISSN={0370-1573},
   url={http://dx.doi.org/10.1016/j.physrep.2017.06.001},
   DOI={10.1016/j.physrep.2017.06.001},
   journal={Physics Reports},
   publisher={Elsevier BV},
   author={Nojiri, S. and Odintsov, S.D. and Oikonomou, V.K.},
   year={2017},
   month={Jun},
   pages={1–104},
}

%%%%%%%%%%%%%%%%%%%%%%%%%%%%%%%%%%%%%%%%%%%%%%%%%%%%%%%%%%%%%%%%%%%%%%%%%%%%%%%%%%%%%%%%%%%

@article{J__2011,
   title={Introduction to Modified Gravity: From the Cosmic Speedup Problem to Quantum Gravity Phenomenology},
   ISBN={9789533076263},
   url={http://dx.doi.org/10.5772/25094},
   DOI={10.5772/25094},
   journal={Aspects of Today’s Cosmology},
   publisher={InTech},
   author={J., Gonzalo},
   year={2011},
   month={Sep},
}

%%%%%%%%%%%%%%%%%%%%%%%%%%%%%%%%%%%%%%%%%%%%%%%%%%%%%%%%%%%%%%%%%%%%%%%%%%%%%%%%%%%%%%%%%%%

@article{Pernot_Borr_s_2019,
   title={General study of chameleon fifth force in gravity space experiments},
   volume={100},
   ISSN={2470-0029},
   url={http://dx.doi.org/10.1103/PhysRevD.100.084006},
   DOI={10.1103/physrevd.100.084006},
   number={8},
   journal={Physical Review D},
   publisher={American Physical Society (APS)},
   author={Pernot-Borràs, Martin and Bergé, Joel and Brax, Philippe and Uzan, Jean-Philippe},
   year={2019},
   month={Oct},

}

%%%%%%%%%%%%%%%%%%%%%%%%%%%%%%%%%%%%%%%%%%%%%%%%%%%%%%%%%%%%%%%%%%%%%%%%%%%%%%%%%%%%%%%%%%%

@article{sbisa2014modified,
  title={Modified theories of gravity},
  author={Sbis{\`a}, Fulvio},
  journal={arXiv preprint arXiv:1406.3384},
  year={2014},

}

%%%%%%%%%%%%%%%%%%%%%%%%%%%%%%%%%%%%%%%%%%%%%%%%%%%%%%%%%%%%%%%%%%%%%%%%%%%%%%%%%%%%%%%%%%%

@article{Arnold_2019,
   title={Realistic simulations of galaxy formation in f(R) modified gravity},
   volume={3},
   ISSN={2397-3366},
   url={http://dx.doi.org/10.1038/s41550-019-0823-y},
   DOI={10.1038/s41550-019-0823-y},
   number={10},
   journal={Nature Astronomy},
   publisher={Springer Science and Business Media LLC},
   author={Arnold, Christian and Leo, Matteo and Li, Baojiu},
   year={2019},
   month={Jul},
   pages={945–954},

}

%%%%%%%%%%%%%%%%%%%%%%%%%%%%%%%%%%%%%%%%%%%%%%%%%%%%%%%%%%%%%%%%%%%%%%%%%%%%%%%%%%%%%%%%%%%

@book{hartle_2003,
  author = {Hartle, James B.},
  biburl = {https://www.bibsonomy.org/bibtex/24feef027202a4cebd62cd1565c435194/richterek},
  edition = {illustrate},
  interhash = {8a3d2d6c65a4d0282bd292d0c8a8c32d},
  intrahash = {4feef027202a4cebd62cd1565c435194},
  isbn = {0805386629},
  keywords = {astrophysics,general\_relativity,special\_relativity,textbook},
  mendeley-tags = {astrophysics,general\_relativity,special\_relativity,textbook},
  month = jan,
  publisher = {Benjamin Cummings},
  timestamp = {2010-07-23T07:15:00.000+0200},
  title = {{Gravity: An Introduction to Einstein's General Relativity}},
  type = {Book},

}

%%%%%%%%%%%%%%%%%%%%%%%%%%%%%%%%%%%%%%%%%%%%%%%%%%%%%%%%%%%%%%%%%%%%%%%%%%%%%%%%%%%%%%%%%%%