% This is annote.bib
% Author: Ayman Ammoura
% A demo for CMPUT 603 Fall 2002.
% The order of the following entries is irrelevant. They will be sorted according to the
% bibliography style used.
%%%%%%%%%%%%%%%%%%%%%%%%%%%%%%%%%%%%%%%%%%%%%%%%%%%%%%%%%%%%%%%%%%%%%%%%%%%%%%%%%%%%%%%%%

%%%%%%%%%%%%%%%%%%%%%%%%%%%%%%%%%%%%%%%%%%%%%%%%%%%%%%%%%%%%%%%%%%%%%%%%%%%%%%%%%%%%%%%%%%%

@article{Maxted_2018,
   title={Rotation of Planet-Hosting Stars},
   ISBN={9783319553337},
   url={http://dx.doi.org/10.1007/978-3-319-55333-7_18},
   DOI={10.1007/978-3-319-55333-7_18},
   journal={Handbook of Exoplanets},
   publisher={Springer International Publishing},
   author={Maxted, Pierre F. L.},
   year={2018},
   pages={1705–1721},
}


%%%%%%%%%%%%%%%%%%%%%%%%%%%%%%%%%%%%%%%%%%%%%%%%%%%%%%%%%%%%%%%%%%%%%%%%%%%%%%%%%%%%%%%%%%%

@article{Bouvier_2013,
   title={Observational studies of stellar rotation},
   volume={62},
   ISSN={1638-1963},
   url={http://dx.doi.org/10.1051/eas/1362005},
   DOI={10.1051/eas/1362005},
   journal={EAS Publications Series},
   publisher={EDP Sciences},
   author={Bouvier, J.},
   editor={Hennebelle, P. and Charbonnel, C.Editors},
   year={2013},
   pages={143–168},
}

%%%%%%%%%%%%%%%%%%%%%%%%%%%%%%%%%%%%%%%%%%%%%%%%%%%%%%%%%%%%%%%%%%%%%%%%%%%%%%%%%%%%%%%%%%%

@article{Meynet_2016,
   title={Impact of rotation on stellar models},
   volume={337},
   ISSN={0004-6337},
   url={http://dx.doi.org/10.1002/asna.201612380},
   DOI={10.1002/asna.201612380},
   number={8-9},
   journal={Astronomische Nachrichten},
   publisher={Wiley},
   author={Meynet, G. and Maeder, A. and Eggenberger, P. and Ekstrom, S. and Georgy, C. and Chiappini, C. and Privitera, G. and Choplin, A.},
   year={2016},
   month={Sep},
   pages={827–831},
}

%%%%%%%%%%%%%%%%%%%%%%%%%%%%%%%%%%%%%%%%%%%%%%%%%%%%%%%%%%%%%%%%%%%%%%%%%%%%%%%%%%%%%%%%%%%

@article{Palacios_2013,
   title={Influence of Rotation on Stellar Evolution},
   volume={62},
   ISSN={1638-1963},
   url={http://dx.doi.org/10.1051/eas/1362007},
   DOI={10.1051/eas/1362007},
   journal={EAS Publications Series},
   publisher={EDP Sciences},
   author={Palacios, A.},
   editor={Hennebelle, P. and Charbonnel, C.Editors},
   year={2013},
   pages={227–287},
}

%%%%%%%%%%%%%%%%%%%%%%%%%%%%%%%%%%%%%%%%%%%%%%%%%%%%%%%%%%%%%%%%%%%%%%%%%%%%%%%%%%%%%%%%%%%

@article{Gibb_2014,
   title={Stellar differential rotation and coronal time-scales},
   volume={443},
   ISSN={0035-8711},
   url={http://dx.doi.org/10.1093/mnras/stu1415},
   DOI={10.1093/mnras/stu1415},
   number={4},
   journal={Monthly Notices of the Royal Astronomical Society},
   publisher={Oxford University Press (OUP)},
   author={Gibb, G. P. S. and Jardine, M. M. and Mackay, D. H.},
   year={2014},
   month={Aug},
   pages={3251–3259},
}

%%%%%%%%%%%%%%%%%%%%%%%%%%%%%%%%%%%%%%%%%%%%%%%%%%%%%%%%%%%%%%%%%%%%%%%%%%%%%%%%%%%%%%%%%%%